<?xml version="1.0" encoding="UTF-8" ?><marc:collection xmlns:marc="http://www.loc.gov/MARC21/slim" xmlns:xsi="http://www.w3.org/2001/XMLSchema-instance" xsi:schemaLocation="http://www.loc.gov/MARC21/slim http://www.loc.gov/standards/marcxml/schema/MARC21slim.xsd">
<marc:record><marc:leader>06210cam a2200925Ii 4500</marc:leader>
<marc:controlfield tag="001">b12134016</marc:controlfield>
<marc:controlfield tag="003">UaCaAUL</marc:controlfield><marc:controlfield tag="005">20190220085044.0</marc:controlfield><marc:controlfield tag="008">831222s1949    ua       b    000 0 araod</marc:controlfield><marc:datafield tag="035" ind1=" " ind2=" "><marc:subfield code="a">(OCoLC)10247848</marc:subfield></marc:datafield><marc:datafield tag="040" ind1=" " ind2=" "><marc:subfield code="a">IXA</marc:subfield><marc:subfield code="b">eng</marc:subfield><marc:subfield code="e">rda</marc:subfield><marc:subfield code="c">IXA</marc:subfield><marc:subfield code="d">OCLCG</marc:subfield><marc:subfield code="d">OCLCQ</marc:subfield><marc:subfield code="d">OCLCF</marc:subfield><marc:subfield code="d">OCLCQ</marc:subfield><marc:subfield code="d">OCLCO</marc:subfield><marc:subfield code="d">MEAUC</marc:subfield></marc:datafield><marc:datafield tag="049" ind1=" " ind2=" "><marc:subfield code="a">MAIN</marc:subfield></marc:datafield><marc:datafield tag="050" ind1=" " ind2="4"><marc:subfield code="a">PJ6106</marc:subfield><marc:subfield code="b">.K38 1949</marc:subfield></marc:datafield><marc:datafield tag="066" ind1=" " ind2=" "><marc:subfield code="c">(3</marc:subfield></marc:datafield><marc:datafield tag="090" ind1=" " ind2=" "><marc:subfield code="a">PJ6106</marc:subfield><marc:subfield code="b">.T52 1949</marc:subfield></marc:datafield><marc:datafield tag="100" ind1="1" ind2=" "><marc:subfield code="6">880-01</marc:subfield><marc:subfield code="a">Thaʻlab, Aḥmad ibn Yaḥyá,</marc:subfield><marc:subfield code="d">815-904,</marc:subfield><marc:subfield code="e">author.</marc:subfield></marc:datafield><marc:datafield tag="240" ind1="1" ind2="0"><marc:subfield code="6">880-02</marc:subfield><marc:subfield code="a">Faṣīḥ.</marc:subfield></marc:datafield><marc:datafield tag="245" ind1="1" ind2="0"><marc:subfield code="6">880-03</marc:subfield><marc:subfield code="a">Faṣīḥ Thaʻlab wa-al-shurūḥ allatī ʻalayhi /</marc:subfield><marc:subfield code="c">nashr wa-taʻlīq al-ustādh Muḥammad ʻAbd al-Munʻim Khafājī.</marc:subfield></marc:datafield><marc:datafield tag="246" ind1="3" ind2="3"><marc:subfield code="6">880-04</marc:subfield><marc:subfield code="a">Kitāb al-faṣīh wa-sharḥih.</marc:subfield></marc:datafield><marc:datafield tag="246" ind1="3" ind2="3"><marc:subfield code="6">880-05</marc:subfield><marc:subfield code="a">Kitāb dhayl faṣīḥ Thaʻlab.</marc:subfield></marc:datafield><marc:datafield tag="246" ind1="3" ind2="3"><marc:subfield code="6">880-06</marc:subfield><marc:subfield code="a">Kitāb al-ishtiqāq.</marc:subfield></marc:datafield><marc:datafield tag="246" ind1="3" ind2="3"><marc:subfield code="6">880-07</marc:subfield><marc:subfield code="a">Kitāb faʻaltu wa-afʻaltu.</marc:subfield></marc:datafield><marc:datafield tag="246" ind1="3" ind2="3"><marc:subfield code="6">880-08</marc:subfield><marc:subfield code="a">Shawāhid al-kitāb li-Sībawayh.</marc:subfield></marc:datafield><marc:datafield tag="250" ind1=" " ind2=" "><marc:subfield code="6">880-09</marc:subfield><marc:subfield code="a">al-Ṭabʻah al-ūlá.</marc:subfield></marc:datafield><marc:datafield tag="264" ind1=" " ind2="1"><marc:subfield code="6">880-10</marc:subfield><marc:subfield code="a">[Cairo] :</marc:subfield><marc:subfield code="b">Maktabat al-Tawḥīd bi-Darb al-Jamāmīz,</marc:subfield><marc:subfield code="c">1368 H, 1949 M.</marc:subfield></marc:datafield><marc:datafield tag="264" ind1=" " ind2="3"><marc:subfield code="6">880-11</marc:subfield><marc:subfield code="a">[Cairo] :</marc:subfield><marc:subfield code="b">al-Maṭbaʻah al-Namūdhajīyah.</marc:subfield></marc:datafield><marc:datafield tag="300" ind1=" " ind2=" "><marc:subfield code="a">10, 108, 38, 29, 9, 119, 64 pages ;</marc:subfield><marc:subfield code="c">23 cm.</marc:subfield></marc:datafield><marc:datafield tag="336" ind1=" " ind2=" "><marc:subfield code="a">text</marc:subfield><marc:subfield code="b">txt</marc:subfield><marc:subfield code="2">rdacontent.</marc:subfield></marc:datafield><marc:datafield tag="337" ind1=" " ind2=" "><marc:subfield code="a">unmediated</marc:subfield><marc:subfield code="b">n</marc:subfield><marc:subfield code="2">rdamedia.</marc:subfield></marc:datafield><marc:datafield tag="338" ind1=" " ind2=" "><marc:subfield code="a">volume</marc:subfield><marc:subfield code="b">nc</marc:subfield><marc:subfield code="2">rdacarrier.</marc:subfield></marc:datafield><marc:datafield tag="500" ind1=" " ind2=" "><marc:subfield code="6">880-12</marc:subfield><marc:subfield code="a">Majmūʻah fī al-lughah tashmal: al-Faṣīḥ, wa-sharḥuh, wa-dhayluh, wa-muqaddimat al-ishtiqāq al-kabīr li-Ibn Durayd, wa-siwāhā.</marc:subfield></marc:datafield><marc:datafield tag="500" ind1=" " ind2=" "><marc:subfield code="6">880-13</marc:subfield><marc:subfield code="a">Rūjiʻ ʻalá al-nusakh al-khaṭṭīyah al-maḥfūẓah bi-Dār al-Kutub al-Malakīyah.</marc:subfield></marc:datafield><marc:datafield tag="500" ind1=" " ind2=" "><marc:subfield code="6">880-14</marc:subfield><marc:subfield code="a">&quot;Dirāsah akhīrah ahamm al-muʼallafāt fī ʻIlm al-Lughah /lil-ustādh Muḥammad ʻAbd al-Munʻim Khafājī&quot; --Fifth group, page 1-9.</marc:subfield></marc:datafield><marc:datafield tag="500" ind1=" " ind2=" "><marc:subfield code="a">Includes Errata pages.</marc:subfield></marc:datafield><marc:datafield tag="504" ind1=" " ind2=" "><marc:subfield code="a">Includes bibliographical references.</marc:subfield></marc:datafield><marc:datafield tag="600" ind1="1" ind2="0"><marc:subfield code="6">880-15</marc:subfield><marc:subfield code="a">Thaʻlab, Aḥmad ibn Yaḥyá,</marc:subfield><marc:subfield code="d">815-904.</marc:subfield><marc:subfield code="t">Faṣīḥ.</marc:subfield></marc:datafield><marc:datafield tag="600" ind1="1" ind2="0"><marc:subfield code="6">880-16</marc:subfield><marc:subfield code="a">Harawī, Muḥammad ibn ʻAlī,</marc:subfield><marc:subfield code="d">982 or 983-1041 or 1042.</marc:subfield><marc:subfield code="t">Talwīḥ fī sharḥ al-faṣīḥ.</marc:subfield></marc:datafield><marc:datafield tag="600" ind1="1" ind2="0"><marc:subfield code="6">880-17</marc:subfield><marc:subfield code="a">ʻAbd al-Laṭīf al-Baghdādī, Muwaffaq al-Dīn,</marc:subfield><marc:subfield code="d">1162-1231.</marc:subfield><marc:subfield code="t">Dhayl al-faṣīḥ.</marc:subfield></marc:datafield><marc:datafield tag="600" ind1="1" ind2="0"><marc:subfield code="6">880-18</marc:subfield><marc:subfield code="a">Ibn Durayd, Muḥammad ibn al-Ḥasan,</marc:subfield><marc:subfield code="d">837 or 838-933.</marc:subfield><marc:subfield code="t">Ishtiqāq.</marc:subfield></marc:datafield><marc:datafield tag="600" ind1="1" ind2="0"><marc:subfield code="6">880-19</marc:subfield><marc:subfield code="a">Zajjāj, Abū Isḥāq Ibrāhīm ibn al-Sarī,</marc:subfield><marc:subfield code="d">-923.</marc:subfield><marc:subfield code="t">Faʻaltu wa-afʻaltu.</marc:subfield></marc:datafield><marc:datafield tag="600" ind1="1" ind2="0"><marc:subfield code="6">880-20</marc:subfield><marc:subfield code="a">Sībawayh, ʻAmr ibn ʻUthmān,</marc:subfield><marc:subfield code="d">active 8th century.</marc:subfield><marc:subfield code="t">Shawāhid al-Kitāb.</marc:subfield></marc:datafield><marc:datafield tag="650" ind1=" " ind2="0"><marc:subfield code="a">Arabic language</marc:subfield><marc:subfield code="x">Grammar.</marc:subfield></marc:datafield><marc:datafield tag="700" ind1="1" ind2=" "><marc:subfield code="6">880-21</marc:subfield><marc:subfield code="a">Thaʻlab, Aḥmad ibn Yaḥyá,</marc:subfield><marc:subfield code="d">815-904.</marc:subfield><marc:subfield code="t">Faṣīḥ.</marc:subfield></marc:datafield><marc:datafield tag="700" ind1="1" ind2=" "><marc:subfield code="6">880-22</marc:subfield><marc:subfield code="a">Harawī, Muḥammad ibn ʻAlī,</marc:subfield><marc:subfield code="d">982 or 983-1041 or 1042.</marc:subfield><marc:subfield code="t">Talwīḥ fī sharḥ al-faṣīḥ.</marc:subfield></marc:datafield><marc:datafield tag="700" ind1="1" ind2=" "><marc:subfield code="6">880-23</marc:subfield><marc:subfield code="a">ʻAbd al-Laṭīf al-Baghdādī, Muwaffaq al-Dīn,</marc:subfield><marc:subfield code="d">1162-1231.</marc:subfield><marc:subfield code="t">Dhayl al-faṣīḥ.</marc:subfield></marc:datafield><marc:datafield tag="700" ind1="1" ind2=" "><marc:subfield code="6">880-24</marc:subfield><marc:subfield code="a">Ibn Durayd, Muḥammad ibn al-Ḥasan,</marc:subfield><marc:subfield code="d">837 or 838-933.</marc:subfield><marc:subfield code="t">Ishtiqāq.</marc:subfield></marc:datafield><marc:datafield tag="700" ind1="1" ind2=" "><marc:subfield code="6">880-25</marc:subfield><marc:subfield code="a">Zajjāj, Abū Isḥāq Ibrāhīm ibn al-Sarī,</marc:subfield><marc:subfield code="d">-923.</marc:subfield><marc:subfield code="t">Faʻaltu wa-afʻaltu.</marc:subfield></marc:datafield><marc:datafield tag="700" ind1="1" ind2=" "><marc:subfield code="6">880-26</marc:subfield><marc:subfield code="a">Khafājī, Muḥammad ʻAbd al-Munʻim,</marc:subfield><marc:subfield code="e">editor.</marc:subfield></marc:datafield><marc:datafield tag="700" ind1="1" ind2=" "><marc:subfield code="6">880-27</marc:subfield><marc:subfield code="a">Sībawayh, ʻAmr ibn ʻUthmān,</marc:subfield><marc:subfield code="d">active 8th century.</marc:subfield><marc:subfield code="t">Kitāb.</marc:subfield></marc:datafield><marc:datafield tag="880" ind1="1" ind2=" "><marc:subfield code="6">100-01/(3/r</marc:subfield><marc:subfield code="a">ثعلب، أحمد بن يحيى،‪</marc:subfield><marc:subfield code="d">815-904.</marc:subfield></marc:datafield><marc:datafield tag="880" ind1="1" ind2="0"><marc:subfield code="6">240-02/(3/r</marc:subfield><marc:subfield code="a">فصيح.</marc:subfield></marc:datafield><marc:datafield tag="880" ind1="1" ind2="0"><marc:subfield code="6">245-03/(3/r</marc:subfield><marc:subfield code="a">فصيح ثعلب والشروح التي عليه /‪</marc:subfield><marc:subfield code="c">نشر وتعليق الأستاذ محمد عبد المنعم خفاجي..</marc:subfield></marc:datafield><marc:datafield tag="880" ind1="3" ind2="3"><marc:subfield code="6">246-05/(3/r</marc:subfield><marc:subfield code="a">كتاب ذيل فصيح ثعلب.</marc:subfield></marc:datafield><marc:datafield tag="880" ind1="3" ind2="3"><marc:subfield code="6">246-04/(3/r</marc:subfield><marc:subfield code="a">كتاب الفصيه وشرحه.</marc:subfield></marc:datafield><marc:datafield tag="880" ind1="3" ind2="3"><marc:subfield code="6">246-06/(3/r</marc:subfield><marc:subfield code="a">كتاب الاشتقاق.</marc:subfield></marc:datafield><marc:datafield tag="880" ind1="3" ind2="3"><marc:subfield code="6">246-07/(3/r</marc:subfield><marc:subfield code="a">كتاب فعلت وأفعلت.</marc:subfield></marc:datafield><marc:datafield tag="880" ind1=" " ind2=" "><marc:subfield code="6">500-13/(3/r</marc:subfield><marc:subfield code="a">روجع على النسخ الخطية المحفوظة بدار الكتب الملكية..</marc:subfield></marc:datafield><marc:datafield tag="880" ind1="3" ind2="3"><marc:subfield code="6">246-08/(3/r</marc:subfield><marc:subfield code="a">شواهد الكتاب لسيبويه.</marc:subfield></marc:datafield><marc:datafield tag="880" ind1=" " ind2=" "><marc:subfield code="6">250-09/(3/r</marc:subfield><marc:subfield code="a">الطبعة الأولى..</marc:subfield></marc:datafield><marc:datafield tag="880" ind1=" " ind2="1"><marc:subfield code="6">264-10/(3/r</marc:subfield><marc:subfield code="a">[Cairo] :</marc:subfield><marc:subfield code="b">مكتبة التوحيد بدرب الجماميز،‪</marc:subfield><marc:subfield code="c">1368 هـ، 1949 م..</marc:subfield></marc:datafield><marc:datafield tag="880" ind1=" " ind2="3"><marc:subfield code="6">264-11/(3/r</marc:subfield><marc:subfield code="a">[Cairo] :</marc:subfield><marc:subfield code="b">المطبعة النموذجية..</marc:subfield></marc:datafield><marc:datafield tag="880" ind1=" " ind2=" "><marc:subfield code="6">500-12/(3/r</marc:subfield><marc:subfield code="a">مجموعة في اللغة تشمل: الفصيح، وشرحه، وذيله، ومقدمة الاشتقاق الكبير لابن دريد، وسواها..</marc:subfield></marc:datafield><marc:datafield tag="880" ind1=" " ind2=" "><marc:subfield code="6">500-14/(3/r</marc:subfield><marc:subfield code="a">&quot;دراسة أخيرة أهم المؤلفات في علم اللغة /للأستاذ محمد عبد المنعم خفاجي&quot;  -- Fifth group, page 1-9.</marc:subfield></marc:datafield><marc:datafield tag="880" ind1="1" ind2="0"><marc:subfield code="6">600-15/(3/r</marc:subfield><marc:subfield code="a">ثعلب، أحمد بن يحيى،‪</marc:subfield><marc:subfield code="d">815-904.</marc:subfield><marc:subfield code="t">فصيح..</marc:subfield></marc:datafield><marc:datafield tag="880" ind1="1" ind2="0"><marc:subfield code="6">600-16/(3/r</marc:subfield><marc:subfield code="a">هروي، محمد بن علي،‪</marc:subfield><marc:subfield code="d">982 أو 983-1041 أو 1042.‪</marc:subfield><marc:subfield code="t">تلويح في شرح الفصيح..</marc:subfield></marc:datafield><marc:datafield tag="880" ind1="1" ind2="0"><marc:subfield code="6">600-17/(3/r</marc:subfield><marc:subfield code="a">عبد اللطيف البغدادي، موفق الدين،‪</marc:subfield><marc:subfield code="d">1162-1231.</marc:subfield><marc:subfield code="t">ذيل الفصيح..</marc:subfield></marc:datafield><marc:datafield tag="880" ind1="1" ind2="0"><marc:subfield code="6">600-19/(3/r</marc:subfield><marc:subfield code="a">زجاج، أبو إسحاق إبراهيم بن السري،‪</marc:subfield><marc:subfield code="d">- 923.</marc:subfield><marc:subfield code="t">فعلت وأفعلت..</marc:subfield></marc:datafield><marc:datafield tag="880" ind1="1" ind2="0"><marc:subfield code="6">600-18/(3/r</marc:subfield><marc:subfield code="a">ابن دريد، محمد بن الحسن،‪</marc:subfield><marc:subfield code="d">837 أو 838-933.‪</marc:subfield><marc:subfield code="t">اشتقاق..</marc:subfield></marc:datafield><marc:datafield tag="880" ind1="1" ind2=" "><marc:subfield code="6">700-22/(3/r</marc:subfield><marc:subfield code="a">هروي، محمد بن علي،‪</marc:subfield><marc:subfield code="d">982 أو 983-1041 أو 1042.‪</marc:subfield><marc:subfield code="t">تلويح في شرح الفصيح..</marc:subfield></marc:datafield><marc:datafield tag="880" ind1="1" ind2="0"><marc:subfield code="6">600-20/(3/r</marc:subfield><marc:subfield code="a">سيبويه، عمرو بن عثمان.‪</marc:subfield><marc:subfield code="t">شواهد الكتاب.</marc:subfield></marc:datafield><marc:datafield tag="880" ind1="1" ind2=" "><marc:subfield code="6">700-21/(3/r</marc:subfield><marc:subfield code="a">ثعلب، أحمد بن يحيى،‪</marc:subfield><marc:subfield code="d">815-904.</marc:subfield><marc:subfield code="t">فصيح..</marc:subfield></marc:datafield><marc:datafield tag="880" ind1="1" ind2=" "><marc:subfield code="6">700-23/(3/r</marc:subfield><marc:subfield code="a">عبد اللطيف البغدادي، موفق الدين،‪</marc:subfield><marc:subfield code="d">1162-1231.</marc:subfield><marc:subfield code="t">ذيل الفصيح..</marc:subfield></marc:datafield><marc:datafield tag="880" ind1="1" ind2=" "><marc:subfield code="6">700-24/(3/r</marc:subfield><marc:subfield code="a">ابن دريد، محمد بن الحسن،‪</marc:subfield><marc:subfield code="d">837 أو 838-933.‪</marc:subfield><marc:subfield code="t">اشتقاق..</marc:subfield></marc:datafield><marc:datafield tag="880" ind1="1" ind2=" "><marc:subfield code="6">700-25/(3/r</marc:subfield><marc:subfield code="a">زجاج، أبو إسحاق إبراهيم بن السري،‪</marc:subfield><marc:subfield code="d">- 923.</marc:subfield><marc:subfield code="t">فعلت وأفعلت..</marc:subfield></marc:datafield><marc:datafield tag="880" ind1="1" ind2=" "><marc:subfield code="6">700-26/(3/r</marc:subfield><marc:subfield code="a">خفاجي، محمد عبد المنعم..</marc:subfield></marc:datafield><marc:datafield tag="880" ind1="1" ind2=" "><marc:subfield code="6">700-27/(3/r</marc:subfield><marc:subfield code="a">سيبويه، عمرو بن عثمان.‪</marc:subfield><marc:subfield code="t">.كتاب.</marc:subfield></marc:datafield><marc:datafield tag="907" ind1=" " ind2=" "><marc:subfield code="a">.b12134016</marc:subfield><marc:subfield code="b">main </marc:subfield></marc:datafield><marc:datafield tag="902" ind1=" " ind2=" "><marc:subfield code="a">190220</marc:subfield></marc:datafield><marc:datafield tag="998" ind1=" " ind2=" "><marc:subfield code="b">1</marc:subfield><marc:subfield code="c">050615</marc:subfield><marc:subfield code="d">m</marc:subfield><marc:subfield code="e">a</marc:subfield><marc:subfield code="f">-</marc:subfield><marc:subfield code="g">0</marc:subfield><marc:subfield code="k">MAH</marc:subfield></marc:datafield><marc:datafield tag="945" ind1=" " ind2=" "><marc:subfield code="l">main </marc:subfield></marc:datafield></marc:record>
</marc:collection>
